<record><leader>00000cas a22000007a 4500</leader><controlfield tag="001">25979544</controlfield><controlfield tag="008">920609d19781981scuwr ne      0    0eng d</controlfield><datafield ind1=" " ind2=" " tag="010"><subfield code="a">sn 92065569 </subfield></datafield><datafield ind1=" " ind2=" " tag="040"><subfield code="a">SVN</subfield><subfield code="b">eng</subfield><subfield code="c">SVN</subfield><subfield code="d">OCLCQ</subfield></datafield><datafield ind1=" " ind2=" " tag="042"><subfield code="a">msc</subfield></datafield><datafield ind1="0" ind2="0" tag="245"><subfield code="a">Camden independent.</subfield></datafield><datafield ind1=" " ind2=" " tag="260"><subfield code="a">Camden, S.C. :</subfield><subfield code="b">Camden Newspapers</subfield></datafield><datafield ind1=" " ind2=" " tag="300"><subfield code="a">v.</subfield></datafield><datafield ind1=" " ind2=" " tag="310"><subfield code="a">Weekly</subfield></datafield><datafield ind1="0" ind2=" " tag="362"><subfield code="a">Vol. 1, no. 1 (Mar. 1, 1978) - v. 4, no. 18 (May 6, 1981).</subfield></datafield><datafield ind1=" " ind2="4" tag="651"><subfield code="a">Kershaw County (S.C.)</subfield><subfield code="v">Newspapers.</subfield></datafield><datafield ind1=" " ind2="4" tag="651"><subfield code="a">Camden (S.C.)</subfield><subfield code="v">Newspapers.</subfield></datafield><datafield ind1=" " ind2=" " tag="752"><subfield code="a">United States</subfield><subfield code="b">South Carolina</subfield><subfield code="c">Kershaw</subfield><subfield code="d">Camden.</subfield></datafield><datafield ind1="0" ind2="7" tag="785"><subfield code="t">Camden chronicle</subfield><subfield code="w">(DLC)sn 86063785</subfield></datafield><datafield ind1="0" ind2="7" tag="785"><subfield code="t">Chronicle-independent</subfield><subfield code="w">(DLC)sn 92065556</subfield></datafield><datafield ind1="1" ind2=" " tag="029"><subfield code="a">AU@</subfield><subfield code="b">000020750007</subfield></datafield></record>